
--- Older functional form abstractions ---
@inproceedings{jr13,
  author = {Michael Johnson and Robert Rosebrugh},
  title = {Delta Lenses and Opfibrations},
  booktitle = {Workshop on Bidirectional Transformations},
  year = {2013}
}

